@misc{fu.h,
  title = {\tx{lab_bench/lib/AnalogLib/fu.h}},
  annotate = {Header file containing major type definitions for analog firmware.}
}
@misc{util.h,
  title = {\tx{lab_bench/lib/AnalogLib/util.h}},
  annotate = {Header and source files providing utility functions.}
}
@misc{dac.h,
  title = {\tx{lab_bench/lib/AnalogLib/dac.h}},
  annotate = {Header file containing DAC class definition.}
}
@misc{dac_calib.cpp,
  title = {\tx{lab_bench/lib/AnalogLib/dac_calib.cpp}},
  annotate = {Dac calibration routine.}
}
@misc{fast_dac.cpp,
  title = {\tx{lab_bench/lib/AnalogLib/fast_dac.cpp}},
  annotate = {Fast dac measurement and signal generation routines.}
}
@misc{fan.h,
  title = {\tx{lab_bench/lib/AnalogLib/fan.h}},
  annotate = {Header file containing Fanout class definition.}
}
@misc{fan_calib.cpp,
  title = {\tx{lab_bench/lib/AnalogLib/fan_calib.cpp}},
  annotate = {Fanout calibration routine.}
}